% Encoding: UTF-8
@online{rofiPlatform,
  author = {Jan Mrázek},
  title = {RoFI website},
  year = 2023,
  url = {https://rofi.fi.muni.cz/},
  urldate = {2023-03-15}
}
@online{rofiUm,
  author = {Jan Mrázek},
  title = {RoFI website},
  year = 2023,
  url = {https://rofi.fi.muni.cz/hardware/universal-module/},
  urldate = {2023-03-31}
}

@article{manipulator,
author = {Papoutsidakis, Michail and Chatzopoulos, Abraham and Piromalis, Dimitrios and Tseles, Dimitris},
year = {2017},
month = {10},
pages = {34-38},
title = {A 4-DOF Robotic Arm - Kinematics and Implementation as Case Study in Laboratory Environment},
volume = {176},
journal = {International Journal of Computer Applications},
doi = {10.5120/ijca2017915652}
}

@Book{grippers,
title = {Robot Grippers},
authors = {Monkman G. J., Hesse S., Steinmann R., Schunk H.},
publisher = {Wiley-VCH},
year = {2006},
edition = {1},
}

@article{dh,
  author = {Denavit, J. and Hartenberg, R.~S.},
        title = {A Kinematic Notation for Lower-Pair Mechanisms Based on Matrices},
      journal = {Journal of Applied Mechanics},
         year = 1955,
        month = jun,
       volume = {22},
       number = {2},
        pages = {215-221}
}

@book{berger1987geometry,
  title={Geometry},
  author={Berger, M. and Cole, M. and Levy, S.},
  number={sv. 2},
  isbn={9783540170150},
  lccn={lc87136730},
  series={Geometry I [-II]},
  url={https://books.google.cz/books?id=MoYZnQAACAAJ},
  year={1987},
  publisher={Springer-Verlag}
}
@book{nomizu1994affine,
  title={Affine Differential Geometry: Geometry of Affine Immersions},
  author={Nomizu, K. and Katsumi, N. and Sasaki, T.},
  isbn={9780521441773},
  lccn={lc93046712},
  series={Cambridge Tracts in Mathematics},
  url={https://books.google.cz/books?id=lEUVHyjQANcC},
  year={1994},
  publisher={Cambridge University Press}
}
@book{trefethen1997numerical,
  title={Numerical Linear Algebra},
  author={Trefethen, L.N. and Bau, D.},
  isbn={9780898714876},
  lccn={96052458},
  series={EngineeringPro collection},
  url={https://books.google.cz/books?id=5Y1TPgAACAAJ},
  year={1997},
  publisher={Society for Industrial and Applied Mathematics}
}


@book{gentle2007matrix,
  title={Matrix Algebra: Theory, Computations, and Applications in Statistics},
  author={Gentle, J.E.},
  isbn={9780387708737},
  lccn={2007930269},
  series={Springer Texts in Statistics},
  url={https://books.google.cz/books?id=PDjIV0iWa2cC},
  year={2007},
  publisher={Springer New York}
}

@article{overview,
author = {Aristidou, Andreas and Lasenby, Joan},
year = {2009},
month = {09},
pages = {},
title = {Inverse Kinematics: a review of existing techniques and introduction of a new fast iterative solver}
}

@article{penrose_1955,
title={A generalized inverse for matrices},
volume={51}, DOI={10.1017/S0305004100030401},
number={3},
journal={Mathematical Proceedings of the Cambridge Philosophical Society},
publisher={Cambridge University Press}, author={Penrose, R.}, year={1955}, pages={406–413}
}

@article{Wolovich1984ACT,
  title={A computational technique for inverse kinematics},
  author={W. Wolovich and H. Elliott},
  journal={The 23rd IEEE Conference on Decision and Control},
  year={1984},
  pages={1359-1363}
}
@article{ccd,
author = {Wang, Li-Chun and Chen, Chih},
year = {1991},
month = {09},
pages = {489 - 499},
title = {A combined optimization method for solving the inverse kinematics problem of mechanical manipulators},
volume = {7},
journal = {Robotics and Automation, IEEE Transactions on},
doi = {10.1109/70.86079}
}

@article{fabrik,
author = {Aristidou, Andreas and Lasenby, Joan},
year = {2011},
month = {09},
pages = {243-260},
title = {FABRIK: A fast, iterative solver for the Inverse Kinematics problem},
volume = {73},
journal = {Graphical Models},
doi = {10.1016/j.gmod.2011.05.003}
}

@article{fabrikConstraints,
author = {Aristidou, Andreas and Chrysanthou, Yiorgos and Lasenby, Joan},
year = {2016},
month = {02},
pages = {35-57},
title = {Extending FABRIK with model constraints},
volume = {27},
journal = {Computer Animation and Virtual Worlds},
doi = {10.1002/cav.1630}
}

@misc{Ondika2021thesis,
        AUTHOR = {Ondika, Patrick},
        TITLE = {Inverse kinematics for the RoFI platform},
        YEAR = {2021},
        TYPE = {Bachelor's thesis},
        INSTITUTION = {Masarykova univerzita, Fakulta informatiky},
        LOCATION = {Brno},
        SUPERVISOR = {Jan Mrázek},
        URL = {https://is.muni.cz/th/ntqfp/},
        URL_DATE = {2023-03-26},
}

@article{sprowitz_roombots_2010,
  title = {Roombots: Reconfigurable Robots for Adaptive Furniture},
  author = {Spr{\"o}witz, Alexander and Pouya, Soha and Bonardi, Stéphane and van den Kieboom, Jesse and M{\"o}ckel, Rico and Billard, Aude and Dillenbourg, Pierre and Ijspeert, Auke},
  journal = {Computational Intelligence Magazine, IEEE},
  volume = {5},
  number = {3},
  pages = {20--32},
  year = {2010},
  doi = {10.1109/MCI.2010.937320}
}

@article{mtran,
author = {Murata, Satoshi and Kakomura, Kiyoharu and Kurokawa, Haruhisa},
year = {2008},
month = {01},
pages = {56 - 63},
title = {Toward a scalable modular robotic system},
volume = {14},
journal = {Robotics \& Automation Magazine, IEEE},
doi = {10.1109/M-RA.2007.908984}
}

@article{smores,
  author={Davey, Jay and Kwok, Ngai and Yim, Mark},
  booktitle={2012 IEEE/RSJ International Conference on Intelligent Robots and Systems},
  title={Emulating self-reconfigurable robots - design of the SMORES system},
  year={2012},
  doi={10.1109/IROS.2012.6385845}
}

@article{modular_survey,
author = {Chennareddy, S. and Agrawal, Anita and K.R., Anupama},
year = {2017},
month = {03},
pages = {1-19},
title = {Modular Self-Reconfigurable Robotic Systems: A Survey on Hardware Architectures},
volume = {2017},
journal = {Journal of Robotics},
doi = {10.1155/2017/5013532}
}
@mastersthesis{Mrázek2019thesis,
  author = {Mrázek, Jan},
  title = {RoFI -- Distributed Metamorphic Robots},
  year = {2019},
  month = feb,
  type = {Master's thesis},
  school = {Masaryk University, Faculty of Informatics, Brno, Czech Republic},
  url = {https://is.muni.cz/th/y1s7e/?lang=en}
}
@mastersthesis{Nausova2022thesis,
  author = {Naušová, Markéta},
  title = {Algoritmy průzkumu plochy pro RoFI platformu},
  year = {2022},
  month = jun,
  type = {Master's thesis},
  school = {Masaryk University, Faculty of Informatics},
  url = {https://is.muni.cz/th/tgg15/}
}
@mastersthesis{Zacek2021thesis,
  author = {Žáček, Matěj},
  title = {Rekonfigurace pro platformu RoFI},
  year = {2021},
  type = {Bachelor's thesis},
  school = {Masaryk University, Faculty of Informatics},
  url = {https://is.muni.cz/th/q3la0/}
}
@mastersthesis{Vozárová2019thesis,
  author = {Vozárová, Viktória},
  title = {Motion Planning for the RoFI Platform},
  year = {2019},
  month = jun,
  type = {Master's thesis},
  school = {Masaryk University, Faculty of Informatics, Brno, Czech Republic},
  url = {https://is.muni.cz/th/w7y7w/?lang=en}
}
@inproceedings{SMTReconfig,
  author = {Mrázek, Jan and Jonáš, Martin and Barnat, Jiří},
  address = {Prague},
  booktitle = {2021 IEEE/RSJ International Conference on Intelligent Robots and Systems (IROS)},
  doi = {http://dx.doi.org/10.1109/IROS51168.2021.9636534},
  keywords = {robots reconfiguration},
  howpublished = {elektronická verze "online"},
  language = {eng},
  location = {Prague},
  isbn = {978-1-6654-1714-3},
  pages = {6935-6940},
  publisher = {IEEE},
  title = {Reconfiguring Metamorphic Robots via SMT: Is It a Viable Way?},
  year = {2021},
  pdf = {{smtreconfig.pdf}}
}
@inproceedings{RoFICoM,
  author = {Mrázek, Jan and Barnat, Jiří},
  booktitle = {2019 IEEE/RSJ International Conference on Intelligent Robots and Systems (IROS)},
  title = {RoFICoM – First Open-Hardware Connector for Metamorphic Robots},
  year = {2019},
  pages = {2720-2725},
  doi = {10.1109/IROS40897.2019.8968167},
  issn = {2153-0858},
  month = nov,
  pdf = {{roficom.pdf}}
}
@mastersthesis{Chlup2023thesis,
  author = {Chlup, Vladimír},
  title = {Network Manager for RoFI Platform},
  year = {2023},
  month = jan,
  type = {Master's thesis},
  school = {Masaryk University, Faculty of Informatics},
  url = {https://is.muni.cz/th/z1ovk/}
}
@mastersthesis{Chlup2020thesis,
  author = {Chlup, Vladimír},
  title = {Routing within RoFI Platform},
  year = {2020},
  month = sep,
  type = {Bachelor's thesis},
  school = {Masaryk University, Faculty of Informatics},
  url = {https://is.muni.cz/th/h6jtl/}
}
@mastersthesis{Svoboda2020thesis,
  author = {Svoboda, Ondřej},
  title = {Simulating RoFI Platform in GazeboSim},
  year = {2020},
  type = {Bachelor's thesis},
  school = {Masaryk University, Faculty of Informatics},
  url = {https://is.muni.cz/th/y1rvd/}
}
@mastersthesis{Naušová2019thesis,
  author = {Naušová, Markéta},
  title = {Visualization for the RoFI Platform},
  year = {2019},
  month = jun,
  type = {Bachelor's thesis},
  school = {Masaryk University, Faculty of Informatics, Brno, Czech Republic},
  url = {https://is.muni.cz/th/blt0z/?lang=en}
}

@online{Lidar,
  title = {US National Ocean Service},
  year = 2023,
  url = {https://oceanservice.noaa.gov/facts/lidar.html},
  urldate = {2023-03-31}
}
@Comment{jabref-meta: databaseType:bibtex;}
